@Article{Rpackage:NMF,
  title = {A flexible R package for nonnegative matrix factorization},
  author = {Renaud Gaujoux and Cathal Seoighe},
  journal = {BMC Bioinformatics},
  year = {2010},
  volume = {11},
  number = {1},
  pages = {367},
  url = {http://www.biomedcentral.com/1471-2105/11/367},
  doi = {10.1186/1471-2105-11-367},
  issn = {1471-2105},
}

@Manual{Rpackage:NMF2,
  title = {Using the package NMF},
  author = {Renaud Gaujoux and Cathal Seoighe},
  publisher = {CRAN},
  year = {2017},
  note = {R package version 0.23.6},
  url = {https://cran.r-project.org/package=NMF},
}

@Manual{Rpackage:NMF3,
  title = {The package NMF: manual pages},
  author = {Renaud Gaujoux and Cathal Seoighe},
  publisher = {CRAN},
  year = {2017},
  note = {R package version 0.23.6},
  url = {https://cran.r-project.org/package=NMF},
}

@Manual{Rpackage:fastICA,
  title = {fastICA: FastICA Algorithms to Perform ICA and Projection Pursuit},
  author = {J L Marchini and C Heaton and B D Ripley},
  year = {2019},
  note = {R package version 1.2-2},
  url = {https://CRAN.R-project.org/package=fastICA},
}

@Article{Rpackage:Biobase,
  author = {W. Huber and V. J. Carey and R. Gentleman and S. Anders and M. Carlson and B. S. Carvalho and H. C. Bravo and S. Davis and L. Gatto and T. Girke and R. Gottardo and F. Hahne and K. D. Hansen and R. A. Irizarry and M. Lawrence and M. I. Love and J. MacDonald and V. Obenchain and A. K. {Ole's} and H. {Pag`es} and A. Reyes and P. Shannon and G. K. Smyth and D. Tenenbaum and L. Waldron and M. Morgan},
  title = {{O}rchestrating high-throughput genomic analysis with {B}ioconductor},
  journal = {Nature Methods},
  year = {2015},
  volume = {12},
  number = {2},
  pages = {115--121},
  url = {http://www.nature.com/nmeth/journal/v12/n2/full/nmeth.3252.html},
}

@Manual{Rpackage:foreach,
  title = {foreach: Provides Foreach Looping Construct},
  author = {{Microsoft} and Steve Weston},
  year = {2020},
  note = {R package version 1.4.8},
  url = {https://CRAN.R-project.org/package=foreach},
}

@Manual{Rpackage:doParallel,
  title = {doParallel: Foreach Parallel Adaptor for the 'parallel' Package},
  author = {Microsoft Corporation and Steve Weston},
  year = {2019},
  note = {R package version 1.0.15},
  url = {https://CRAN.R-project.org/package=doParallel},
}

@Article{Rpackage:bigmemory,
  title = {Scalable Strategies for Computing with Massive Data},
  author = {Michael J. Kane and John Emerson and Stephen Weston},
  journal = {Journal of Statistical Software},
  year = {2013},
  volume = {55},
  number = {14},
  pages = {1--19},
  url = {http://www.jstatsoft.org/v55/i14/},
}

@Article{Rpackage:synchronicity,
  title = {Scalable Strategies for Computing with Massive Data},
  author = {Michael J. Kane and John Emerson and Stephen Weston},
  journal = {Journal of Statistical Software},
  year = {2013},
  volume = {55},
  number = {14},
  pages = {1--19},
  url = {http://www.jstatsoft.org/v55/i14/},
}

@Manual{Rpackage:doMPI,
  title = {doMPI: Foreach Parallel Adaptor for the Rmpi Package},
  author = {Steve Weston},
  year = {2017},
  note = {R package version 0.2.2},
  url = {https://CRAN.R-project.org/package=doMPI},
}

@Manual{Rpackage:gridBase,
  title = {gridBase: Integration of base and grid graphics},
  author = {Paul Murrell},
  year = {2014},
  note = {R package version 0.4-7},
  url = {https://CRAN.R-project.org/package=gridBase},
}
