@Article{Rpackage:NMF,
  title = {A flexible R package for nonnegative matrix factorization},
  author = {Renaud Gaujoux and Cathal Seoighe},
  journal = {BMC Bioinformatics},
  year = {2010},
  volume = {11},
  number = {1},
  pages = {367},
  url = {http://www.biomedcentral.com/1471-2105/11/367},
  doi = {10.1186/1471-2105-11-367},
  issn = {1471-2105},
}

@Manual{Rpackage:NMF2,
  title = {Using the package NMF},
  author = {Renaud Gaujoux and Cathal Seoighe},
  publisher = {CRAN},
  year = {2013},
  note = {R package version 0.17.7},
  url = {http://cran.r-project.org/package=NMF},
}

@Manual{Rpackage:NMF3,
  title = {The package NMF: manual pages},
  author = {Renaud Gaujoux and Cathal Seoighe},
  publisher = {CRAN},
  year = {2013},
  note = {R package version 0.17.7},
  url = {http://cran.r-project.org/package=NMF},
}

@Manual{Rpackage:RColorBrewer,
  title = {RColorBrewer: ColorBrewer palettes},
  author = {Erich Neuwirth},
  year = {2011},
  note = {R package version 1.0-5},
  url = {http://CRAN.R-project.org/package=RColorBrewer},
}
